@book{ANFAVEA2020,
    author = "ANFAVEA",
    title = "Anuário da Indústria Automobilística Brasileira 2020",
    url = "http://www.anfavea.com.br/anuario2020/anuario.pdf",
    address = "Brasília, DF",
    pages = "144",
    publisher = "Associação Nacional dos Fabricantes de Veículos Automotores",
    urlaccessdate = "20 Out. 2020",
    keywords = "Anuário Automobilistico",
    year = {2020}
}

@book{CNseg2019,
    author = "CNseg",
    title = "Propostas do SETOR SEGURADOR BRASILEIRO",
    url = {https://cnseg.org.br/publicacoes/propostas-do-setor-segurador-brasileiro-2019-2022.html},
    urlaccessdate = "20 Out. 2020",
    publisher = "Confederação Nacional das Empresas de Seguros Gerais, Previdência Privada e Vida, Saúde Suplementar e Capitalização",
    pages = "58",
    address = "Rio de Janeiro, RJ",
    keywords = "Propostas Setor Segurador Brasileiro",
    year = {2019}
}

@misc{Barros2015,
    author = "Barros, Rafael Monteiro",
    title = "Brasileiros gastam em média R\$ 1.185 por mês com despesas do carro, aponta estudo",
    url = "https://www.assiscity.com/brasil/brasileiro-gasta-em-media-r-1-185-00-ao-mes-para-manter-carro-50587.htm",
    urlaccessdate = "17 Set. 2020",
    keywords = "Brasileiros Gasto Média Despesas Carro",
    month = "Novembro",
    year = {2015}
}

@article{Bandeira2019,
    author = "Bandeira, Renan",
    title = "Por que 70\% dos brasileiros preferem oficina particular a concessionária",
    journal = "Quatro Rodas",
    publisher = "Abril Comunicações S A.",
    address = "on-line",
    url = "https://quatrorodas.abril.com.br/auto-servico/por-que-70-dos-brasileiros-preferem-oficina-particular-a-concessionaria/",
    urlaccessdate = "17 Set. 2020",
    keywords = "Brasileiros Preferem Oficina Concessionária",
    month = "Agosto",
    year = {2019}
}















@article{article1111,
    author = {Leiner, Barry M. and Cerf, Vinton G. and Clark, David D. and Kahn, Robert E. and Kleinrock, Leonard and Lynch, Daniel C. and Postel, Jon and Roberts, Larry G. and Wolff, Stephen},
    title = {A Brief History of the Internet},
    year = {2009},
    issue_date = {October 2009},
    publisher = {Association for Computing Machinery},
    address = {New York, NY, USA},
    volume = {39},
    number = {5},
    issn = {0146-4833},
    doi = {10.1145/1629607.1629613},
    journal = {SIGCOMM Comput. Commun. Rev.},
    month = oct,
    pages = {22–31},
    numpages = {10},
    keywords = {internet, history}
}

@article{article2,
  title={A passagem da Web 1.0 para a Web 2.0 e… Web 3.0: potenciais consequ{\^e}ncias para uma {\guillemotleft}humaniza{\c{c}}{\~a}o{\guillemotright} em contexto educativo},
  author={Gil, Henrique},
  journal={Educatic: boletim informativo},
  pages={1--2},
  year={2014},
  publisher={Educatic}
}

@incollection{article3,
  title={Smartphone app evolution and early understanding from a multimodal app user survey},
  author={Shaheen, Susan and Cohen, Adam and Martin, Elliot},
  booktitle={Disrupting Mobility},
  pages={149--164},
  year={2017},
  publisher={Springer}
}

@article{article4,
  title={A progressive web app (pwa)-based mobile wallet for bazo},
  author={von der Assen, Jan},
  journal={Bachelor Thesis, University of Zurich},
  year={2018}
}

@article{article5,
  title={Impact of progressive web apps on web app development},
  author={Tandel, Sayali Sunil and Jamadar, Abhishek},
  journal={International Journal of Innovative Research in Science, Engineering and Technology},
  volume={7},
  number={9},
  pages={9439--9444},
  year={2018}
}

@online{article6,
    author = "Alex Russell",
    title = "Progressive Web Apps: Escaping Tabs Without Losing Our Soul",
     note = {Disponível em: <https://infrequently.org/2015/06/progressive-apps-escaping-tabs-without-losing-our-soul/>. Acesso 	em: 11 de Abril 2020},
    addendum = "(accessed: 11.04.2020)",
    keywords = "Progressive Web Apps",
    year={2015}
}

@online{article18,
    author = "Google Developers",
    title = "Lighthouse",
    note = {Disponível em: <https://developers.google.com/web/
    tools/lighthouse/>. Acesso 	em: 16 de Abril 2020},
    keywords = "Lighthouse",
    year={2017}
}

@inproceedings{article7,
  title={Progressive Web Apps: The Possible Web-native Unifier for Mobile Development.},
  author={Bi{\o}rn-Hansen, Andreas and Majchrzak, Tim A and Gr{\o}nli, Tor-Morten},
  booktitle={Proccedings...},
  organization = {WEBIST},
  conference-location  = {Porto},  
  conference-year = {2017},
  pages={344--351},
  publisher = {SciTePress},
  year={2017},
  address = {Setúbal},
  timestamp = {2017.04.25}
}

@article{article9,
  title={Comparative analysis of angularjs and reactjs},
  author={Kumar, Anurag and Singh Kumar, R},
  journal={International Journal of Latest Trends in Engineering and Technology},
  volume={7},
  number={4},
  pages={225--227},
  year={2016}
}

@article{article10,
  title={Modern Web-Development using ReactJS},
  author={Aggarwal, Sanchit},
  journal={International Journal of Recent Research Aspects},
  volume={5},
  pages={133--137},
  year={2018}
}

@article{article11,
  title={Applications programming in smalltalk-80 (tm): How to use model-view-controller (mvc)},
  author={Burbeck, Steve},
  journal={Smalltalk-80 v2},
  volume={5},
  pages={1--11},
  year={1992}
}

@article{article12,
  title={Progressive Web Application with Reactjs},
  author={Timalsina, Shishir Singh},
  year={2019},
  publisher={Oulu University of Applied Sciences}
}

@article{article13,
  title={Designing and Developing a Website with ReactJS: Progressive Web Application},
  author={Satyal, Anup},
  year={2020},
  publisher={Oulu University of Applied Sciences}
}

@article{article14,
  title={Creating multiplatform experiences with progressive web apps},
  author={Hiltunen, Mira},
  note = {Disponível em: <https://www.theseus.fi/handle/10024/157245>. Acesso em: 16 de Abril 2020},
  year={2018},
  publisher={Metropolia Ammattikorkeakoulu}
}

@article{article15,
  title={WEB CONTENT EXTRACTION USING HYBRID APPROACH.},
  author={Nethra, K and Anitha, J and Thilagavathi, G},
  journal={ICTACT Journal On Soft Computing},
  volume={4},
  number={2},
  year={2014}
}

@article{article16,
  title={FinDoctor-interactive android clinic geographical information system using firebase and Google maps API},
  author={Rahmi, Anisa and Piarsa, I Nyoman and Buana, Putu Wira},
  journal={International Journal of New Technology and Research},
  volume={3},
  number={7},
  year={2017},
  publisher={Nextgen Research Publication}
}

@article{article17,
  title={Application of firebase in android app development-a study},
  author={Khawas, Chunnu and Shah, Pritam},
  journal={International Journal of Computer Applications},
  volume={179},
  number={46},
  pages={49--53},
  year={2018}
}

@article{article19,
  title={Meridian : Multi-featured Android app serving an Offline first Progressive Web application},
  author={Maheshwari, Jalaj and Kavishwar, Roshani and Panggam, Osunam and Deoda, Komal},
  journal={International Journal of Innovations in Engineering and Technology (IJIET)},
  year={2018},
  issue_date = {April, 2018},
  publisher = { Department of Computer Science and IT, Veermata Jijabai Technological Institute},
  address = {Mumbai, India},
  volume = {10},
  number = {1},
  issn = {2319-1058},
  month = apr,
  numpages = {9},
  keywords = {Progressive Web App, Service Workers, Firebase, Weather forecast, Android App, Air Quality Index , Mean Sea
Level}
}

@article{article20,
author = {Ramos, Anna and Mina, Toblerone and Escueta, Jeremy and Lapasa, Donnalyn and Manaig, Elizabeth and Bagacina, John},
year = {2019},
month = {07},
pages = {},
title = {Text Restoration Model Using OCR and Spelling Correction Algorithms},
journal = {International journal of simulation: systems, science & technology},
doi = {10.5013/IJSSST.a.20.S2.35}
}

@article{article21,
  title={Optical character recognition},
  author={Mithe, Ravina and Indalkar, Supriya and Divekar, Nilam},
  journal={International journal of recent technology and engineering (IJRTE)},
  volume={2},
  number={1},
  pages={72--75},
  year={2013},
  publisher={Citeseer}
}

@article{article22,
  title={Optical character recognition by open source OCR tool tesseract: A case study},
  author={Patel, Chirag and Patel, Atul and Patel, Dharmendra},
  journal={International Journal of Computer Applications},
  volume={55},
  number={10},
  pages={50--56},
  year={2012},
  publisher={Electronic Publication: Digital Object Identifiers (DOIs)}
}

@article{article23,
  title={Latin Letters Recognition Using Optical Character Recognition to Convert Printed Media Into Digital Format},
  author={Anugrah, Rio and Bintoro, Ketut Bayu Yogha},
  journal={Jurnal Elektronika dan Telekomunikasi},
  volume={17},
  number={2},
  pages={56--62},
  year={2017}
}